@Online{alonso,
  	hyphenation = {american},
	Author = {A. Botero and F. Leyvraz},
	Journal = {Review of Scientific Instruments},
	title       = {The two-dimensional three-body problem in a strong magnetic field is integrable},
  	version     = {1},
  	date        = {2014-10-23},
  	eprinttype  = {arxiv},
  	eprint      = {1410.6221v1}}
  	
@article{introPoincare,
	Author = {H. Poincar\'e},
	Journal = {Acta Mathematica},
	Pages = {1-270},
	Title = {Sur le probl\`eme des trois corps et les \'equations de la dynamique},
	Volume = {13},
	Year = {1890}}

@article{introJacobi,
	Author = {C. G. J. Jacobi},
	Journal = {Comptes Rendus de l’Acad\'emie des Sciences de Paris},
	Pages = {59-61},
	Title = {Sur le mouvement d’un point et sur un cas particulier du probl\`eme des trois corpes},
	Volume = {3},
	Year = {1836}}

@book{strangeCases,
   title =     {Classical many-body problems amenable to exact treatments: solvable and/or integrable and/or        linearizable... in one-, two-, and three- dimensional space},
   author =    {Francesco Calogero},
   publisher = {Springer},
   isbn =      {3540417648,9783540417644},
   year =      {2001},
   Pages = {471-493},
   series =    {Lecture notes in physics. Monographs m66},
   edition =   {1},
}